<?xml version="1.0" encoding="UTF-8"?><collection xmlns="http://www.loc.gov/MARC21/slim"><record><leader>00488nam--2200169-i-4500</leader><controlfield tag="001">000005801</controlfield><controlfield tag="002">20161230</controlfield><controlfield tag="005">20170304142243</controlfield><controlfield tag="008">060222s1000------------r-----000-0-eng-d</controlfield><datafield ind1=" " ind2=" " tag="100"><subfield code="a">Colber, G. De Oliveira</subfield></datafield><datafield ind1=" " ind2=" " tag="245"><subfield code="a">Representations of dirac equation in general relativity</subfield></datafield><datafield ind1=" " ind2=" " tag="260"><subfield code="a">Rio De Janeiro</subfield><subfield code="b">Centro Brasileiro De Pesquisas Fisicas</subfield><subfield code="c">1961</subfield></datafield><datafield ind1=" " ind2=" " tag="300"><subfield code="a">25 p. (297-321)</subfield></datafield><datafield ind1=" " ind2=" " tag="490"><subfield code="a">Notas De Fisica</subfield></datafield><datafield ind1=" " ind2=" " tag="700"><subfield code="a">Tiomno, J</subfield></datafield><datafield ind1=" " ind2=" " tag="852"><subfield code="a">530.12</subfield></datafield><datafield ind1=" " ind2=" " tag="CAT"><subfield code="a">SYS</subfield><subfield code="c">20170304</subfield><subfield code="h">142243</subfield></datafield></record></collection>